@inproceedings{branner1989mandelbrot,
  title={The mandelbrot set},
  author={Branner, Bodil},
  booktitle={Proc. symp. appl. math},
  volume={39},
  pages={75--105},
  year={1989}
}


@article{stauffer1996newton,
  title={From Newton to Mandelbrot},
  author={Stauffer, Dietrich and Stanley, H Eugene},
  journal={Translated by S. Miyajima and H. Nishihara (Asakura Book Publishers, Tokyo, 1993) p},
  volume={197},
  pages={164--169},
  year={1996},
  publisher={Springer}
}