@online{a1,
    author="Juan Carlos Ponce Campuzano",
    title="{complex-analysis}",
    howpublished = {\url{https://complex-analysis.com/content/julia_set.html}},
}    
@online{a2,
    author="David Hilbert",
    title="{Julia Jewels}",
    howpublished = {\url{https://www.mcgoodwin.net/julia/juliajewels.htmlmplex-analysis.com/content/julia_set.html}},
}


@misc{origin,
  author    = {unknown},
  title     = {THU Beamer Theme},
  year      = {2015},
  url       = {http://far.tooold.cn/post/latex/beamertsinghua},
}






